<?xml version='1.0' encoding='utf-8'?>
<record xmlns="http://www.loc.gov/MARC21/slim" xmlns:xsi="http://www.w3.org/2001/XMLSchema-instance" xsi:schemaLocation="http://www.loc.gov/MARC21/slim http://www.loc.gov/standards/marcxml/schema/MARC21slim.xsd">
  <leader>00000npca 22005771a 4500</leader>
  <controlfield tag="005">20080509104706.0</controlfield>
  <controlfield tag="008">940131i18851945miu     |           eng||</controlfield>
  <datafield tag="035" ind1=" " ind2=" ">
    <subfield code="a">(RLIN)MIUV85-A1294</subfield>
  </datafield>
  <datafield tag="035" ind1=" " ind2=" ">
    <subfield code="a">(OCoLC)ocm34420083</subfield>
  </datafield>
  <datafield tag="040" ind1=" " ind2=" ">
    <subfield code="a">MiU-H</subfield>
    <subfield code="c">MiU-H</subfield>
    <subfield code="e">appm</subfield>
    <subfield code="d">MiU</subfield>
  </datafield>
  <datafield tag="100" ind1="1" ind2=" ">
    <subfield code="a">Dow, Earle W.</subfield>
    <subfield code="q">(Earle Wilbur),</subfield>
    <subfield code="d">1868-1946.</subfield>
  </datafield>
  <datafield tag="245" ind1="0" ind2="0">
    <subfield code="a">Earle Wilbur Dow papers,</subfield>
    <subfield code="f">1885-1945.</subfield>
  </datafield>
  <datafield tag="300" ind1=" " ind2=" ">
    <subfield code="a">5 linear ft.</subfield>
  </datafield>
  <datafield tag="545" ind1=" " ind2=" ">
    <subfield code="a">Professor of history at University of Michigan.</subfield>
  </datafield>
  <datafield tag="520" ind1=" " ind2=" ">
    <subfield code="a">Correspondence and miscellanea concerning the University and personal affairs. Correspondents include: Herbert Baxter Adams, James B. Angell, Junius E. Beal, Robert R. Blacker, Henry E. Bourne, Robert C. Clowry, Mortimer E. Cooley, Frank H. Dixon, John R. Effinger, Richard T. Ely, Esson M. Gale, Walter Q. Gresham, Charles S. Hampton, Albert B. Hart, John F. Jameson, Andrew C. McLaughlin, Joseph L. Markley, Henry R. Pattengill, Jacob E. Reighard, Lucy M. Salmon, Albion W. Small, George Wahr, and Henry Baldwin Ward.</subfield>
  </datafield>
  <datafield tag="555" ind1="0" ind2=" ">
    <subfield code="a">Finding aid in the library.</subfield>
  </datafield>
  <datafield tag="555" ind1="0" ind2=" ">
    <subfield code="a">Finding aid available via the World Wide web at URL: http://quod.lib.umich.edu/cgi/f/findaid/findaid-idx?c=bhlead&amp;idno=umich-bhl-851294</subfield>
  </datafield>
  <datafield tag="500" ind1=" " ind2=" ">
    <subfield code="a">Donor: 4562</subfield>
  </datafield>
  <datafield tag="500" ind1=" " ind2=" ">
    <subfield code="a">Photograph described separately.</subfield>
  </datafield>
  <datafield tag="651" ind1=" " ind2="0">
    <subfield code="a">Ann Arbor (Mich.)</subfield>
  </datafield>
  <datafield tag="600" ind1="1" ind2="0">
    <subfield code="a">Dow, Earle W.</subfield>
    <subfield code="q">(Earle Wilbur),</subfield>
    <subfield code="d">1868-1946.</subfield>
  </datafield>
  <datafield tag="610" ind1="2" ind2="0">
    <subfield code="a">University of Michigan.</subfield>
    <subfield code="b">Dept. of History.</subfield>
  </datafield>
  <datafield tag="610" ind1="2" ind2="0">
    <subfield code="a">University of Michigan</subfield>
    <subfield code="x">Faculty.</subfield>
  </datafield>
  <datafield tag="700" ind1="1" ind2=" ">
    <subfield code="a">Adams, Herbert Baxter,</subfield>
    <subfield code="d">1850-1901.</subfield>
  </datafield>
  <datafield tag="700" ind1="1" ind2=" ">
    <subfield code="a">Angell, James Burrill,</subfield>
    <subfield code="d">1829-1916.</subfield>
  </datafield>
  <datafield tag="700" ind1="1" ind2=" ">
    <subfield code="a">Beal, Junius E.</subfield>
    <subfield code="q">(Junius Emery),</subfield>
    <subfield code="d">1860-1942.</subfield>
  </datafield>
  <datafield tag="700" ind1="1" ind2=" ">
    <subfield code="a">Blacker, Robert R.,</subfield>
    <subfield code="d">b. 1845.</subfield>
  </datafield>
  <datafield tag="700" ind1="1" ind2=" ">
    <subfield code="a">Bourne, Henry Eldridge,</subfield>
    <subfield code="d">1862-1946.</subfield>
  </datafield>
  <datafield tag="700" ind1="1" ind2=" ">
    <subfield code="a">Clowry, Robert Charles,</subfield>
    <subfield code="d">1838-1925.</subfield>
  </datafield>
  <datafield tag="700" ind1="1" ind2=" ">
    <subfield code="a">Cooley, Mortimer E.</subfield>
    <subfield code="q">(Mortimer Elwyn),</subfield>
    <subfield code="d">1855-1944.</subfield>
  </datafield>
  <datafield tag="700" ind1="1" ind2=" ">
    <subfield code="a">Dixon, Frank Haigh,</subfield>
    <subfield code="d">1869-1944</subfield>
  </datafield>
  <datafield tag="700" ind1="1" ind2=" ">
    <subfield code="a">Effinger, John R.</subfield>
    <subfield code="q">(John Robert),</subfield>
    <subfield code="d">1869-1933.</subfield>
  </datafield>
  <datafield tag="700" ind1="1" ind2=" ">
    <subfield code="a">Ely, Richard T.</subfield>
    <subfield code="q">(Richard Theodore),</subfield>
    <subfield code="d">1854-1943</subfield>
  </datafield>
  <datafield tag="700" ind1="1" ind2=" ">
    <subfield code="a">Gale, Esson McDowell,</subfield>
    <subfield code="d">1884-</subfield>
  </datafield>
  <datafield tag="700" ind1="1" ind2=" ">
    <subfield code="a">Gresham, Walter Quintin,</subfield>
    <subfield code="d">1832-1895.</subfield>
  </datafield>
  <datafield tag="700" ind1="1" ind2=" ">
    <subfield code="a">Hampton, Charles S.,</subfield>
    <subfield code="d">1856-1917.</subfield>
  </datafield>
  <datafield tag="700" ind1="1" ind2=" ">
    <subfield code="a">Hart, Albert Bushnell,</subfield>
    <subfield code="d">1854-1943.</subfield>
  </datafield>
  <datafield tag="700" ind1="1" ind2=" ">
    <subfield code="a">Jameson, J. Franklin</subfield>
    <subfield code="q">(John Franklin),</subfield>
    <subfield code="d">1859-1937.</subfield>
  </datafield>
  <datafield tag="700" ind1="1" ind2=" ">
    <subfield code="a">McLaughlin, Andrew C.</subfield>
    <subfield code="q">(Andrew Cunningham),</subfield>
    <subfield code="d">1861-1947.</subfield>
  </datafield>
  <datafield tag="700" ind1="1" ind2=" ">
    <subfield code="a">Markley, Joseph Lybrand,</subfield>
    <subfield code="d">1859-1930.</subfield>
  </datafield>
  <datafield tag="700" ind1="1" ind2=" ">
    <subfield code="a">Pattengill, Henry Romaine,</subfield>
    <subfield code="d">1852-1918.</subfield>
  </datafield>
  <datafield tag="700" ind1="1" ind2=" ">
    <subfield code="a">Reighard, Jacob Ellsworth,</subfield>
    <subfield code="d">1861-.</subfield>
  </datafield>
  <datafield tag="700" ind1="1" ind2=" ">
    <subfield code="a">Salmon, Lucy Maynard,</subfield>
    <subfield code="d">1853-1927.</subfield>
  </datafield>
  <datafield tag="700" ind1="1" ind2=" ">
    <subfield code="a">Small, Albion W.,</subfield>
    <subfield code="d">1854-1926.</subfield>
  </datafield>
  <datafield tag="700" ind1="1" ind2=" ">
    <subfield code="a">Wahr, George,</subfield>
    <subfield code="d">b. 1861.</subfield>
  </datafield>
  <datafield tag="700" ind1="1" ind2=" ">
    <subfield code="a">Ward, Henry Baldwin,</subfield>
    <subfield code="d">1865-1945.</subfield>
  </datafield>
  <datafield tag="856" ind1="4" ind2="2">
    <subfield code="3">Finding aid:</subfield>
    <subfield code="u">http://quod.lib.umich.edu/cgi/f/findaid/findaid-idx?c=bhlead&amp;idno=umich-bhl-851294</subfield>
  </datafield>
  <datafield tag="852" ind1=" " ind2=" ">
    <subfield code="a">Bentley Historical Library,</subfield>
    <subfield code="b">University of Michigan,</subfield>
    <subfield code="c">Ann Arbor, Michigan 48109-2113</subfield>
  </datafield>
  <datafield tag="998" ind1=" " ind2=" ">
    <subfield code="s">9554</subfield>
  </datafield>
</record>
